<record><leader>00000cas a22000007a 4500</leader><controlfield tag="001">21994646</controlfield><controlfield tag="008">900712d19891990inudn ne      0    0eng d</controlfield><datafield ind1=" " ind2=" " tag="010"><subfield code="a">sn 90099345 </subfield></datafield><datafield ind1=" " ind2=" " tag="040"><subfield code="a">NPI</subfield><subfield code="b">eng</subfield><subfield code="c">NPI</subfield><subfield code="d">OCLCQ</subfield></datafield><datafield ind1=" " ind2=" " tag="042"><subfield code="a">msc</subfield></datafield><datafield ind1="0" ind2=" " tag="130"><subfield code="a">Daily ledger (Noblesville, Ind. : 1989)</subfield></datafield><datafield ind1="1" ind2="4" tag="245"><subfield code="a">The daily ledger.</subfield></datafield><datafield ind1=" " ind2=" " tag="250"><subfield code="a">Carmel ed.</subfield></datafield><datafield ind1=" " ind2=" " tag="260"><subfield code="a">Noblesville, IN :</subfield><subfield code="b">Topics Suburban Newspapers, Inc.,</subfield><subfield code="c">1989-</subfield></datafield><datafield ind1=" " ind2=" " tag="300"><subfield code="a">v. :</subfield><subfield code="b">ill. ;</subfield><subfield code="c">58 cm.</subfield></datafield><datafield ind1=" " ind2=" " tag="310"><subfield code="a">Daily (except Sunday)</subfield></datafield><datafield ind1="0" ind2=" " tag="362"><subfield code="a">121st year, no. 305 (Dec. 28, 1989)-</subfield></datafield><datafield ind1="1" ind2=" " tag="362"><subfield code="a">Ceased June 30, 1990.</subfield></datafield><datafield ind1=" " ind2=" " tag="515"><subfield code="a">Assumes the volume and issue numbering of: Noblesville daily ledger.</subfield></datafield><datafield ind1=" " ind2=" " tag="752"><subfield code="a">United States</subfield><subfield code="b">Indiana</subfield><subfield code="c">Hamilton</subfield><subfield code="d">Carmel.</subfield></datafield><datafield ind1="0" ind2="7" tag="780"><subfield code="t">Noblesville daily ledger</subfield><subfield code="w">(DLC)sn 86058670</subfield></datafield><datafield ind1="0" ind2="0" tag="785"><subfield code="t">Carmel daily ledger</subfield><subfield code="w">(DLC)sn 90099344</subfield></datafield></record>